ISA*00*          *00*          *ZZ*12116         *ZZ*133052274*210101*0101*$*00501*477488160*0*T*>~
GS*HP*12116*133052274*20210101*200717*477488160*X*005010X221A1~
ST*835*000000001*005010X221A1~
BPR*I*50*C*ACH*CCP*01*999999999*DA*999999999*9999999999**01*999999999*DA*999999999*20211123~
TRN*1*12345*9999999999*999999999~
REF*EV*12345678~
N1*PR*Health Admin Center~
N3*1234 Cherry Street~
N4*TAMPA*MN*90009~
PER*CX*PURCHASED CARE EDI BUSINESS TEAM*EM*vhaoccpayerEDIsupport@va.gov~
PER*BL*PURCHASED CARE EDI TECHNICAL TEAM*EM*EDITecTeam@va.gov*TE*9999999999~
N1*PE*ACME PHYSICIANSNETWORK, INC.*XX*9999999999~
N3*STE 999*1234 MAIN BLVD~
N4*SAN BLUEGREEN*TX*999999999~
REF*TJ*999999999~
LX*1~
CLP*885454007*2*50*50**VA*35882554*11*1~
NM1*QC*1*YELLOW*DANIEL*JOSEPH***MI*885454007~
NM1*82*1*CRIMSON             *CAROL          ****XX*071735272~
DTM*050*20211123~
SVC*HC>A6510*100*50~
DTM*472*20211123~
CAS*OA*C0*50*1~
REF*6R*071735273~
AMT*B6*2647~
SVC*HC>C5274*0*0~
DTM*472*20211123~
REF*6R*071735274~
AMT*B6*2647~
SVC*HC>A4257*0*0~
DTM*472*20211123~
REF*6R*071735275~
AMT*B6*2647~
PLB*1234567890*20200202*AH*200*72*-300*AM*100*BN*100*CV*-100~
SE*33*000000001~
GE*1*477488160~
IEA*1*477488160~
